@article{Market_Making_with_Deep_Reinforcement_Learning_from_Limit_Order_Books_2023,
  author = {Hong Guo and Jianwu Lin and Fanlin Huang},
  title = {Market Making with Deep Reinforcement Learning from Limit Order Books},
  year = {2023},
  doi = {None},
  url = {http://arxiv.org/pdf/2305.15821v1}
}
@article{Model_based_gym_environments_for_limit_order_book_trading_2022,
  author = {Joseph Jerome and Leandro Sanchez-Betancourt and Rahul Savani and Martin Herdegen},
  title = {Model-based gym environments for limit order book trading},
  year = {2022},
  doi = {None},
  url = {http://arxiv.org/pdf/2209.07823v1}
}
@article{Deep_Reinforcement_Learning_for_Market_Making_Under_a_Hawkes_Process_Based_Limit_Order_Book_Model_2022,
  author = {Bruno Gašperov and Zvonko Kostanjčar},
  title = {Deep Reinforcement Learning for Market Making Under a Hawkes Process-Based Limit Order Book Model},
  year = {2022},
  doi = {10.1109/LCSYS.2022.3166446},
  url = {http://arxiv.org/abs/2207.09951v1}
}
@article{Optimizing_Market_Making_using_Multi_Agent_Reinforcement_Learning_2018,
  author = {Yagna Patel},
  title = {Optimizing Market Making using Multi-Agent Reinforcement Learning},
  year = {2018},
  doi = {None},
  url = {http://arxiv.org/pdf/1812.10252v1}
}
@article{JAX_LOB_A_GPU_Accelerated_limit_order_book_simulator_to_unlock_large_scale_reinforcement_learning_for_trading_2023,
  author = {Sascha Frey and Kang Li and Peer Nagy and Silvia Sapora and Chris Lu and Stefan Zohren and Jakob Foerster and Anisoara Calinescu},
  title = {JAX-LOB: A GPU-Accelerated limit order book simulator to unlock large scale reinforcement learning for trading},
  year = {2023},
  doi = {None},
  url = {http://arxiv.org/pdf/2308.13289v1}
}
@article{Deep_Reinforcement_Learning_in_Cryptocurrency_Market_Making_2019,
  author = {Jonathan Sadighian},
  title = {Deep Reinforcement Learning in Cryptocurrency Market Making},
  year = {2019},
  doi = {None},
  url = {http://arxiv.org/pdf/1911.08647v1}
}
@article{Generative_AI_for_End_to_End_Limit_Order_Book_Modelling_A_Token_Level_Autoregressive_Generative_Model_of_Message_Flow_Using_a_Deep_State_Space_Network_2023,
  author = {Peer Nagy and Sascha Frey and Silvia Sapora and Kang Li and Anisoara Calinescu and Stefan Zohren and Jakob Foerster},
  title = {Generative AI for End-to-End Limit Order Book Modelling: A Token-Level Autoregressive Generative Model of Message Flow Using a Deep State Space Network},
  year = {2023},
  doi = {None},
  url = {http://arxiv.org/pdf/2309.00638v1}
}
@article{Extending_Deep_Reinforcement_Learning_Frameworks_in_Cryptocurrency_Market_Making_2020,
  author = {Jonathan Sadighian},
  title = {Extending Deep Reinforcement Learning Frameworks in Cryptocurrency Market Making},
  year = {2020},
  doi = {None},
  url = {http://arxiv.org/pdf/2004.06985v1}
}
@article{Investigating_Limit_Order_Book_Characteristics_for_Short_Term_Price_Prediction_a_Machine_Learning_Approach_2018,
  author = {Faisal I Qureshi},
  title = {Investigating Limit Order Book Characteristics for Short Term Price Prediction: a Machine Learning Approach},
  year = {2018},
  doi = {None},
  url = {http://arxiv.org/pdf/1901.10534v1}
}
@article{Multi_Agent_Reinforcement_Learning_in_a_Realistic_Limit_Order_Book_Market_Simulation_2020,
  author = {Michaël Karpe and Jin Fang and Zhongyao Ma and Chen Wang},
  title = {Multi-Agent Reinforcement Learning in a Realistic Limit Order Book Market Simulation},
  year = {2020},
  doi = {10.1145/3383455.3422570},
  url = {http://arxiv.org/abs/2006.05574v2}
}
@article{Market_Making_via_Reinforcement_Learning_2018,
  author = {Thomas Spooner and John Fearnley and Rahul Savani and Andreas Koukorinis},
  title = {Market Making via Reinforcement Learning},
  year = {2018},
  doi = {None},
  url = {http://arxiv.org/pdf/1804.04216v1}
}
@article{Automated_Creation_of_a_High_Performing_Algorithmic_Trader_via_Deep_Learning_on_Level_2_Limit_Order_Book_Data_2020,
  author = {Aaron Wray and Matthew Meades and Dave Cliff},
  title = {Automated Creation of a High-Performing Algorithmic Trader via Deep Learning on Level-2 Limit Order Book Data},
  year = {2020},
  doi = {None},
  url = {http://arxiv.org/pdf/2012.00821v1}
}
@article{Towards_Inverse_Reinforcement_Learning_for_Limit_Order_Book_Dynamics_2019,
  author = {Jacobo Roa-Vicens and Cyrine Chtourou and Angelos Filos and Francisco Rullan and Yarin Gal and Ricardo Silva},
  title = {Towards Inverse Reinforcement Learning for Limit Order Book Dynamics},
  year = {2019},
  doi = {None},
  url = {http://arxiv.org/pdf/1906.04813v1}
}
@article{Extending_Deep_Learning_Models_for_Limit_Order_Books_to_Quantile_Regression_2019,
  author = {Zihao Zhang and Stefan Zohren and Stephen Roberts},
  title = {Extending Deep Learning Models for Limit Order Books to Quantile Regression},
  year = {2019},
  doi = {None},
  url = {http://arxiv.org/pdf/1906.04404v1}
}
@article{DSLOB_A_Synthetic_Limit_Order_Book_Dataset_for_Benchmarking_Forecasting_Algorithms_under_Distributional_Shift_2022,
  author = {Defu Cao and Yousef El-Laham and Loc Trinh and Svitlana Vyetrenko and Yan Liu},
  title = {DSLOB: A Synthetic Limit Order Book Dataset for Benchmarking Forecasting Algorithms under Distributional Shift},
  year = {2022},
  doi = {None},
  url = {http://arxiv.org/pdf/2211.11513v1}
}
@article{A_Modular_Framework_for_Reinforcement_Learning_Optimal_Execution_2022,
  author = {Fernando de Meer Pardo and Christoph Auth and Florin Dascalu},
  title = {A Modular Framework for Reinforcement Learning Optimal Execution},
  year = {2022},
  doi = {None},
  url = {http://arxiv.org/pdf/2208.06244v1}
}
@article{Deep_Learning_can_Replicate_Adaptive_Traders_in_a_Limit_Order_Book_Financial_Market_2018,
  author = {Arthur le Calvez and Dave Cliff},
  title = {Deep Learning can Replicate Adaptive Traders in a Limit-Order-Book Financial Market},
  year = {2018},
  doi = {None},
  url = {http://arxiv.org/pdf/1811.02880v1}
}
@article{Deep_Attentive_Survival_Analysis_in_Limit_Order_Books_Estimating_Fill_Probabilities_with_Convolutional_Transformers_2023,
  author = {Alvaro Arroyo and Alvaro Cartea and Fernando Moreno-Pino and Stefan Zohren},
  title = {Deep Attentive Survival Analysis in Limit Order Books: Estimating Fill Probabilities with Convolutional-Transformers},
  year = {2023},
  doi = {None},
  url = {http://arxiv.org/pdf/2306.05479v1}
}
@article{Towards_Generalizable_Reinforcement_Learning_for_Trade_Execution_2023,
  author = {Chuheng Zhang and Yitong Duan and Xiaoyu Chen and Jianyu Chen and Jian Li and Li Zhao},
  title = {Towards Generalizable Reinforcement Learning for Trade Execution},
  year = {2023},
  doi = {None},
  url = {http://arxiv.org/pdf/2307.11685v1}
}
@article{Deep_Reinforcement_Learning_for_Active_High_Frequency_Trading_2021,
  author = {Antonio Briola and Jeremy Turiel and Riccardo Marcaccioli and Alvaro Cauderan and Tomaso Aste},
  title = {Deep Reinforcement Learning for Active High Frequency Trading},
  year = {2021},
  doi = {None},
  url = {http://arxiv.org/pdf/2101.07107v3}
}
@article{Asynchronous_Deep_Double_Duelling_Q_Learning_for_Trading_Signal_Execution_in_Limit_Order_Book_Markets_2023,
  author = {Peer Nagy and Jan-Peter Calliess and Stefan Zohren},
  title = {Asynchronous Deep Double Duelling Q-Learning for Trading-Signal Execution in Limit Order Book Markets},
  year = {2023},
  doi = {10.3389/frai.2023.1151003},
  url = {http://arxiv.org/abs/2301.08688v2}
}
@article{The_Limit_Order_Book_Recreation_Model_LOBRM_An_Extended_Analysis_2021,
  author = {Zijian Shi and John Cartlidge},
  title = {The Limit Order Book Recreation Model (LOBRM): An Extended Analysis},
  year = {2021},
  doi = {None},
  url = {http://arxiv.org/pdf/2107.00534v1}
}
@article{DeepFolio_Convolutional_Neural_Networks_for_Portfolios_with_Limit_Order_Book_Data_2020,
  author = {Aiusha Sangadiev and Rodrigo Rivera-Castro and Kirill Stepanov and Andrey Poddubny and Kirill Bubenchikov and Nikita Bekezin and Polina Pilyugina and Evgeny Burnaev},
  title = {DeepFolio: Convolutional Neural Networks for Portfolios with Limit Order Book Data},
  year = {2020},
  doi = {None},
  url = {http://arxiv.org/pdf/2008.12152v1}
}
@article{DeepLOB_Deep_Convolutional_Neural_Networks_for_Limit_Order_Books_2018,
  author = {Zihao Zhang and Stefan Zohren and Stephen Roberts},
  title = {DeepLOB: Deep Convolutional Neural Networks for Limit Order Books},
  year = {2018},
  doi = {10.1109/TSP.2019.2907260},
  url = {http://arxiv.org/abs/1808.03668v6}
}
@article{Deep_Learning_for_Market_by_Order_Data_2021,
  author = {Zihao Zhang and Bryan Lim and Stefan Zohren},
  title = {Deep Learning for Market by Order Data},
  year = {2021},
  doi = {None},
  url = {http://arxiv.org/pdf/2102.08811v2}
}
@article{The_LOB_Recreation_Model_Predicting_the_Limit_Order_Book_from_TAQ_History_Using_an_Ordinary_Differential_Equation_Recurrent_Neural_Network_2021,
  author = {Zijian Shi and Yu Chen and John Cartlidge},
  title = {The LOB Recreation Model: Predicting the Limit Order Book from TAQ History Using an Ordinary Differential Equation Recurrent Neural Network},
  year = {2021},
  doi = {None},
  url = {http://arxiv.org/pdf/2103.01670v1}
}
@article{Axial_LOB_High_Frequency_Trading_with_Axial_Attention_2022,
  author = {Damian Kisiel and Denise Gorse},
  title = {Axial-LOB: High-Frequency Trading with Axial Attention},
  year = {2022},
  doi = {None},
  url = {http://arxiv.org/pdf/2212.01807v1}
}
@article{BDLOB_Bayesian_Deep_Convolutional_Neural_Networks_for_Limit_Order_Books_2018,
  author = {Zihao Zhang and Stefan Zohren and Stephen Roberts},
  title = {BDLOB: Bayesian Deep Convolutional Neural Networks for Limit Order Books},
  year = {2018},
  doi = {None},
  url = {http://arxiv.org/pdf/1811.10041v1}
}
@article{Deep_Learning_modeling_of_Limit_Order_Book_a_comparative_perspective_2020,
  author = {Antonio Briola and Jeremy Turiel and Tomaso Aste},
  title = {Deep Learning modeling of Limit Order Book: a comparative perspective},
  year = {2020},
  doi = {None},
  url = {http://arxiv.org/pdf/2007.07319v3}
}
@article{Multi_Horizon_Forecasting_for_Limit_Order_Books_Novel_Deep_Learning_Approaches_and_Hardware_Acceleration_using_Intelligent_Processing_Units_2021,
  author = {Zihao Zhang and Stefan Zohren},
  title = {Multi-Horizon Forecasting for Limit Order Books: Novel Deep Learning Approaches and Hardware Acceleration using Intelligent Processing Units},
  year = {2021},
  doi = {None},
  url = {http://arxiv.org/pdf/2105.10430v2}
}
@article{Risk_Sensitive_Compact_Decision_Trees_for_Autonomous_Execution_in_Presence_of_Simulated_Market_Response_2019,
  author = {Svitlana Vyetrenko and Shaojie Xu},
  title = {Risk-Sensitive Compact Decision Trees for Autonomous Execution in Presence of Simulated Market Response},
  year = {2019},
  doi = {None},
  url = {http://arxiv.org/pdf/1906.02312v2}
}
@article{Feature_Engineering_for_Mid_Price_Prediction_with_Deep_Learning_2019,
  author = {Adamantios Ntakaris and Giorgio Mirone and Juho Kanniainen and Moncef Gabbouj and Alexandros Iosifidis},
  title = {Feature Engineering for Mid-Price Prediction with Deep Learning},
  year = {2019},
  doi = {None},
  url = {http://arxiv.org/pdf/1904.05384v3}
}
@article{LOB_Based_Deep_Learning_Models_for_Stock_Price_Trend_Prediction_A_Benchmark_Study_2023,
  author = {Matteo Prata and Giuseppe Masi and Leonardo Berti and Viviana Arrigoni and Andrea Coletta and Irene Cannistraci and Svitlana Vyetrenko and Paola Velardi and Novella Bartolini},
  title = {LOB-Based Deep Learning Models for Stock Price Trend Prediction: A Benchmark Study},
  year = {2023},
  doi = {None},
  url = {http://arxiv.org/pdf/2308.01915v2}
}
@article{Forecasting_of_Jump_Arrivals_in_Stock_Prices_New_Attention_based_Network_Architecture_using_Limit_Order_Book_Data_2018,
  author = {Ymir Mäkinen and Juho Kanniainen and Moncef Gabbouj and Alexandros Iosifidis},
  title = {Forecasting of Jump Arrivals in Stock Prices: New Attention-based Network Architecture using Limit Order Book Data},
  year = {2018},
  doi = {None},
  url = {http://arxiv.org/pdf/1810.10845v1}
}
@article{Order_flow_and_price_formation_2021,
  author = {Fabrizio Lillo},
  title = {Order flow and price formation},
  year = {2021},
  doi = {None},
  url = {http://arxiv.org/pdf/2105.00521v1}
}
@article{Reinforced_Deep_Markov_Models_With_Applications_in_Automatic_Trading_2020,
  author = {Tadeu A. Ferreira},
  title = {Reinforced Deep Markov Models With Applications in Automatic Trading},
  year = {2020},
  doi = {None},
  url = {http://arxiv.org/pdf/2011.04391v1}
}
@article{BSE_A_Minimal_Simulation_of_a_Limit_Order_Book_Stock_Exchange_2018,
  author = {Dave Cliff},
  title = {BSE: A Minimal Simulation of a Limit-Order-Book Stock Exchange},
  year = {2018},
  doi = {None},
  url = {http://arxiv.org/pdf/1809.06027v1}
}
@article{Market_Making_with_Scaled_Beta_Policies_2022,
  author = {Joseph Jerome and Gregory Palmer and Rahul Savani},
  title = {Market Making with Scaled Beta Policies},
  year = {2022},
  doi = {None},
  url = {http://arxiv.org/pdf/2207.03352v4}
}
@article{Model_based_Reinforcement_Learning_for_Predictions_and_Control_for_Limit_Order_Books_2019,
  author = {Haoran Wei and Yuanbo Wang and Lidia Mangu and Keith Decker},
  title = {Model-based Reinforcement Learning for Predictions and Control for Limit Order Books},
  year = {2019},
  doi = {None},
  url = {http://arxiv.org/pdf/1910.03743v1}
}
@article{Deep_Learning_for_Limit_Order_Books_2016,
  author = {Justin Sirignano},
  title = {Deep Learning for Limit Order Books},
  year = {2016},
  doi = {None},
  url = {http://arxiv.org/pdf/1601.01987v7}
}
@article{Optimal_Estimation_of_Generic_Dynamics_by_Path_Dependent_Neural_Jump_ODEs_2022,
  author = {Florian Krach and Marc Nübel and Josef Teichmann},
  title = {Optimal Estimation of Generic Dynamics by Path-Dependent Neural Jump ODEs},
  year = {2022},
  doi = {None},
  url = {http://arxiv.org/pdf/2206.14284v4}
}
@article{Temporal_Attention_augmented_Bilinear_Network_for_Financial_Time_Series_Data_Analysis_2017,
  author = {Dat Thanh Tran and Alexandros Iosifidis and Juho Kanniainen and Moncef Gabbouj},
  title = {Temporal Attention augmented Bilinear Network for Financial Time-Series Data Analysis},
  year = {2017},
  doi = {10.1109/TNNLS.2018.2869225},
  url = {http://arxiv.org/abs/1712.00975v1}
}
@article{Adversarial_recovery_of_agent_rewards_from_latent_spaces_of_the_limit_order_book_2019,
  author = {Jacobo Roa-Vicens and Yuanbo Wang and Virgile Mison and Yarin Gal and Ricardo Silva},
  title = {Adversarial recovery of agent rewards from latent spaces of the limit order book},
  year = {2019},
  doi = {None},
  url = {http://arxiv.org/pdf/1912.04242v1}
}
@article{Transformers_for_Limit_Order_Books_2020,
  author = {James Wallbridge},
  title = {Transformers for Limit Order Books},
  year = {2020},
  doi = {None},
  url = {http://arxiv.org/pdf/2003.00130v1}
}
@article{Imitate_then_Transcend_Multi_Agent_Optimal_Execution_with_Dual_Window_Denoise_PPO_2022,
  author = {Jin Fang and Jiacheng Weng and Yi Xiang and Xinwen Zhang},
  title = {Imitate then Transcend: Multi-Agent Optimal Execution with Dual-Window Denoise PPO},
  year = {2022},
  doi = {None},
  url = {http://arxiv.org/pdf/2206.10736v1}
}
@article{Stock_price_formation_useful_insights_from_a_multi_agent_reinforcement_learning_model_2019,
  author = {J. Lussange and S. Bourgeois-Gironde and S. Palminteri and B. Gutkin},
  title = {Stock price formation: useful insights from a multi-agent reinforcement learning model},
  year = {2019},
  doi = {None},
  url = {http://arxiv.org/pdf/1910.05137v1}
}
@article{Mesoscale_impact_of_trader_psychology_on_stock_markets_a_multi_agent_AI_approach_2019,
  author = {J. Lussange and S. Palminteri and S. Bourgeois-Gironde and B. Gutkin},
  title = {Mesoscale impact of trader psychology on stock markets: a multi-agent AI approach},
  year = {2019},
  doi = {None},
  url = {http://arxiv.org/pdf/1910.10099v1}
}
@article{Get_Real_Realism_Metrics_for_Robust_Limit_Order_Book_Market_Simulations_2019,
  author = {Svitlana Vyetrenko and David Byrd and Nick Petosa and Mahmoud Mahfouz and Danial Dervovic and Manuela Veloso and Tucker Hybinette Balch},
  title = {Get Real: Realism Metrics for Robust Limit Order Book Market Simulations},
  year = {2019},
  doi = {None},
  url = {http://arxiv.org/pdf/1912.04941v1}
}
@article{Machine_Learning_for_Forecasting_Mid_Price_Movement_using_Limit_Order_Book_Data_2018,
  author = {Paraskevi Nousi and Avraam Tsantekidis and Nikolaos Passalis and Adamantios Ntakaris and Juho Kanniainen and Anastasios Tefas and Moncef Gabbouj and Alexandros Iosifidis},
  title = {Machine Learning for Forecasting Mid Price Movement using Limit Order Book Data},
  year = {2018},
  doi = {None},
  url = {http://arxiv.org/pdf/1809.07861v2}
}
@article{How_Robust_are_Limit_Order_Book_Representations_under_Data_Perturbation__2021,
  author = {Yufei Wu and Mahmoud Mahfouz and Daniele Magazzeni and Manuela Veloso},
  title = {How Robust are Limit Order Book Representations under Data Perturbation?},
  year = {2021},
  doi = {None},
  url = {http://arxiv.org/pdf/2110.04752v1}
}
@article{Over_the_Counter_Market_Making_via_Reinforcement_Learning_2023,
  author = {Zhou Fang and Haiqing Xu},
  title = {Over-the-Counter Market Making via Reinforcement Learning},
  year = {2023},
  doi = {None},
  url = {http://arxiv.org/pdf/2307.01816v1}
}
@article{Towards_Robust_Representation_of_Limit_Orders_Books_for_Deep_Learning_Models_2021,
  author = {Yufei Wu and Mahmoud Mahfouz and Daniele Magazzeni and Manuela Veloso},
  title = {Towards Robust Representation of Limit Orders Books for Deep Learning Models},
  year = {2021},
  doi = {None},
  url = {http://arxiv.org/pdf/2110.05479v2}
}
@article{Deep_Learning_for_Digital_Asset_Limit_Order_Books_2020,
  author = {Rakshit Jha and Mattijs De Paepe and Samuel Holt and James West and Shaun Ng},
  title = {Deep Learning for Digital Asset Limit Order Books},
  year = {2020},
  doi = {None},
  url = {http://arxiv.org/pdf/2010.01241v1}
}
@article{Learning_to_Classify_and_Imitate_Trading_Agents_in_Continuous_Double_Auction_Markets_2021,
  author = {Mahmoud Mahfouz and Tucker Balch and Manuela Veloso and Danilo Mandic},
  title = {Learning to Classify and Imitate Trading Agents in Continuous Double Auction Markets},
  year = {2021},
  doi = {10.1145/3490354.3494386},
  url = {http://arxiv.org/abs/2110.01325v2}
}
@article{An_Empirical_Analysis_on_Financial_Markets_Insights_from_the_Application_of_Statistical_Physics_2023,
  author = {Haochen Li and Yi Cao and Maria Polukarov and Carmine Ventre},
  title = {An Empirical Analysis on Financial Markets: Insights from the Application of Statistical Physics},
  year = {2023},
  doi = {None},
  url = {http://arxiv.org/pdf/2308.14235v3}
}
@article{Multivariate_Realized_Volatility_Forecasting_with_Graph_Neural_Network_2021,
  author = {Qinkai Chen and Christian-Yann Robert},
  title = {Multivariate Realized Volatility Forecasting with Graph Neural Network},
  year = {2021},
  doi = {10.1145/3533271.3561663},
  url = {http://arxiv.org/abs/2112.09015v2}
}
@article{An_overall_view_of_key_problems_in_algorithmic_trading_and_recent_progress_2020,
  author = {Michaël Karpe},
  title = {An overall view of key problems in algorithmic trading and recent progress},
  year = {2020},
  doi = {None},
  url = {http://arxiv.org/pdf/2006.05515v1}
}
@article{How_informative_is_the_Order_Book_Beyond_the_Best_Levels_Machine_Learning_Perspective_2022,
  author = {Dat Thanh Tran and Juho Kanniainen and Alexandros Iosifidis},
  title = {How informative is the Order Book Beyond the Best Levels? Machine Learning Perspective},
  year = {2022},
  doi = {None},
  url = {http://arxiv.org/pdf/2203.07922v1}
}
@article{Systematic_Review_on_Reinforcement_Learning_in_the_Field_of_Fintech_2023,
  author = {Nadeem Malibari and Iyad Katib and Rashid Mehmood},
  title = {Systematic Review on Reinforcement Learning in the Field of Fintech},
  year = {2023},
  doi = {None},
  url = {http://arxiv.org/pdf/2305.07466v1}
}
@article{Accelerating_Machine_Learning_Training_Time_for_Limit_Order_Book_Prediction_2022,
  author = {Mark Joseph Bennett},
  title = {Accelerating Machine Learning Training Time for Limit Order Book Prediction},
  year = {2022},
  doi = {None},
  url = {http://arxiv.org/pdf/2206.09041v1}
}
@article{Optimal_Market_Making_by_Reinforcement_Learning_2021,
  author = {Matias Selser and Javier Kreiner and Manuel Maurette},
  title = {Optimal Market Making by Reinforcement Learning},
  year = {2021},
  doi = {None},
  url = {http://arxiv.org/pdf/2104.04036v1}
}
@article{Learning_to_simulate_realistic_limit_order_book_markets_from_data_as_a_World_Agent_2022,
  author = {Andrea Coletta and Aymeric Moulin and Svitlana Vyetrenko and Tucker Balch},
  title = {Learning to simulate realistic limit order book markets from data as a World Agent},
  year = {2022},
  doi = {10.1145/3533271.3561753},
  url = {http://arxiv.org/abs/2210.09897v1}
}
@article{Conditional_Generators_for_Limit_Order_Book_Environments_Explainability_Challenges_and_Robustness_2023,
  author = {Andrea Coletta and Joseph Jerome and Rahul Savani and Svitlana Vyetrenko},
  title = {Conditional Generators for Limit Order Book Environments: Explainability, Challenges, and Robustness},
  year = {2023},
  doi = {None},
  url = {http://arxiv.org/pdf/2306.12806v1}
}
@article{Sentiment_and_Knowledge_Based_Algorithmic_Trading_with_Deep_Reinforcement_Learning_2020,
  author = {Abhishek Nan and Anandh Perumal and Osmar R. Zaiane},
  title = {Sentiment and Knowledge Based Algorithmic Trading with Deep Reinforcement Learning},
  year = {2020},
  doi = {None},
  url = {http://arxiv.org/pdf/2001.09403v1}
}
@article{Using_Deep_Learning_for_price_prediction_by_exploiting_stationary_limit_order_book_features_2018,
  author = {Avraam Tsantekidis and Nikolaos Passalis and Anastasios Tefas and Juho Kanniainen and Moncef Gabbouj and Alexandros Iosifidis},
  title = {Using Deep Learning for price prediction by exploiting stationary limit order book features},
  year = {2018},
  doi = {None},
  url = {http://arxiv.org/pdf/1810.09965v1}
}
@article{Benchmark_Dataset_for_Mid_Price_Forecasting_of_Limit_Order_Book_Data_with_Machine_Learning_Methods_2017,
  author = {Adamantios Ntakaris and Martin Magris and Juho Kanniainen and Moncef Gabbouj and Alexandros Iosifidis},
  title = {Benchmark Dataset for Mid-Price Forecasting of Limit Order Book Data with Machine Learning Methods},
  year = {2017},
  doi = {10.1002/for.2543},
  url = {http://arxiv.org/abs/1705.03233v5}
}
@article{Integrating_Tick_level_Data_and_Periodical_Signal_for_High_frequency_Market_Making_2023,
  author = {Jiafa He and Cong Zheng and Can Yang},
  title = {Integrating Tick-level Data and Periodical Signal for High-frequency Market Making},
  year = {2023},
  doi = {None},
  url = {http://arxiv.org/pdf/2306.17179v1}
}
@article{Market_making_with_reinforcement_learning_SAC__2020,
  author = {Alexey Bakshaev},
  title = {Market-making with reinforcement-learning (SAC)},
  year = {2020},
  doi = {None},
  url = {http://arxiv.org/pdf/2008.12275v1}
}
@article{Bayesian_Bilinear_Neural_Network_for_Predicting_the_Mid_price_Dynamics_in_Limit_Order_Book_Markets_2022,
  author = {Martin Magris and Mostafa Shabani and Alexandros Iosifidis},
  title = {Bayesian Bilinear Neural Network for Predicting the Mid-price Dynamics in Limit-Order Book Markets},
  year = {2022},
  doi = {None},
  url = {http://arxiv.org/pdf/2203.03613v2}
}
@article{Market_Making_of_Options_via_Reinforcement_Learning_2023,
  author = {Zhou Fang and Haiqing Xu},
  title = {Market Making of Options via Reinforcement Learning},
  year = {2023},
  doi = {None},
  url = {http://arxiv.org/pdf/2307.01814v1}
}
@article{Market_Making_via_Reinforcement_Learning_in_China_Commodity_Market_2022,
  author = {Junshu Jiang and Thomas Dierckx and Duxiang Xiao and Wim Schoutens},
  title = {Market Making via Reinforcement Learning in China Commodity Market},
  year = {2022},
  doi = {None},
  url = {http://arxiv.org/pdf/2205.08936v3}
}
@article{An_Application_of_Deep_Reinforcement_Learning_to_Algorithmic_Trading_2020,
  author = {Thibaut Théate and Damien Ernst},
  title = {An Application of Deep Reinforcement Learning to Algorithmic Trading},
  year = {2020},
  doi = {10.1016/j.eswa.2021.114632},
  url = {http://arxiv.org/abs/2004.06627v3}
}
@article{Algorithmic_Trading_Using_Continuous_Action_Space_Deep_Reinforcement_Learning_2022,
  author = {Naseh Majidi and Mahdi Shamsi and Farokh Marvasti},
  title = {Algorithmic Trading Using Continuous Action Space Deep Reinforcement Learning},
  year = {2022},
  doi = {None},
  url = {http://arxiv.org/pdf/2210.03469v1}
}
@article{Reinforcement_Learning_for_Market_Making_in_a_Multi_agent_Dealer_Market_2019,
  author = {Sumitra Ganesh and Nelson Vadori and Mengda Xu and Hua Zheng and Prashant Reddy and Manuela Veloso},
  title = {Reinforcement Learning for Market Making in a Multi-agent Dealer Market},
  year = {2019},
  doi = {None},
  url = {http://arxiv.org/pdf/1911.05892v1}
}
@article{Predictive_Crypto_Asset_Automated_Market_Making_Architecture_for_Decentralized_Finance_using_Deep_Reinforcement_Learning_2022,
  author = {Tristan Lim},
  title = {Predictive Crypto-Asset Automated Market Making Architecture for Decentralized Finance using Deep Reinforcement Learning},
  year = {2022},
  doi = {None},
  url = {http://arxiv.org/pdf/2211.01346v2}
}
@article{An_intelligent_algorithmic_trading_based_on_a_risk_return_reinforcement_learning_algorithm_2022,
  author = {Boyi Jin},
  title = {An intelligent algorithmic trading based on a risk-return reinforcement learning algorithm},
  year = {2022},
  doi = {None},
  url = {http://arxiv.org/pdf/2208.10707v2}
}
@article{Adversarial_Attacks_on_Deep_Algorithmic_Trading_Policies_2020,
  author = {Yaser Faghan and Nancirose Piazza and Vahid Behzadan and Ali Fathi},
  title = {Adversarial Attacks on Deep Algorithmic Trading Policies},
  year = {2020},
  doi = {None},
  url = {http://arxiv.org/pdf/2010.11388v1}
}
@article{Data_Cross_Segmentation_for_Improved_Generalization_in_Reinforcement_Learning_Based_Algorithmic_Trading_2023,
  author = {Vikram Duvvur and Aashay Mehta and Edward Sun and Bo Wu and Ken Yew Chan and Jeff Schneider},
  title = {Data Cross-Segmentation for Improved Generalization in Reinforcement Learning Based Algorithmic Trading},
  year = {2023},
  doi = {None},
  url = {http://arxiv.org/pdf/2307.09377v1}
}
@article{Deep_Reinforcement_Learning_in_Quantitative_Algorithmic_Trading_A_Review_2021,
  author = {Tidor-Vlad Pricope},
  title = {Deep Reinforcement Learning in Quantitative Algorithmic Trading: A Review},
  year = {2021},
  doi = {None},
  url = {http://arxiv.org/pdf/2106.00123v1}
}
@article{Order_book_regulatory_impact_on_stock_market_quality_a_multi_agent_reinforcement_learning_perspective_2023,
  author = {Johann Lussange and Boris Gutkin},
  title = {Order book regulatory impact on stock market quality: a multi-agent reinforcement learning perspective},
  year = {2023},
  doi = {None},
  url = {http://arxiv.org/pdf/2302.04184v1}
}
@article{IMM_An_Imitative_Reinforcement_Learning_Approach_with_Predictive_Representation_Learning_for_Automatic_Market_Making_2023,
  author = {Hui Niu and Siyuan Li and Jiahao Zheng and Zhouchi Lin and Jian Li and Jian Guo and Bo An},
  title = {IMM: An Imitative Reinforcement Learning Approach with Predictive Representation Learning for Automatic Market Making},
  year = {2023},
  doi = {None},
  url = {http://arxiv.org/pdf/2308.08918v1}
}
@article{Stock_market_microstructure_inference_via_multi_agent_reinforcement_learning_2019,
  author = {J. Lussange and I. Lazarevich and S. Bourgeois-Gironde and S. Palminteri and B. Gutkin},
  title = {Stock market microstructure inference via multi-agent reinforcement learning},
  year = {2019},
  doi = {None},
  url = {http://arxiv.org/pdf/1909.07748v5}
}
@article{Learn_Continuously_Act_Discretely_Hybrid_Action_Space_Reinforcement_Learning_For_Optimal_Execution_2022,
  author = {Feiyang Pan and Tongzhe Zhang and Ling Luo and Jia He and Shuoling Liu},
  title = {Learn Continuously, Act Discretely: Hybrid Action-Space Reinforcement Learning For Optimal Execution},
  year = {2022},
  doi = {None},
  url = {http://arxiv.org/pdf/2207.11152v1}
}
@article{Robust_Market_Making_via_Adversarial_Reinforcement_Learning_2020,
  author = {Thomas Spooner and Rahul Savani},
  title = {Robust Market Making via Adversarial Reinforcement Learning},
  year = {2020},
  doi = {None},
  url = {http://arxiv.org/pdf/2003.01820v2}
}
@article{Data_driven_Neural_Architecture_Learning_For_Financial_Time_series_Forecasting_2019,
  author = {Dat Thanh Tran and Juho Kanniainen and Moncef Gabbouj and Alexandros Iosifidis},
  title = {Data-driven Neural Architecture Learning For Financial Time-series Forecasting},
  year = {2019},
  doi = {None},
  url = {http://arxiv.org/pdf/1903.06751v1}
}
@article{Mid_price_Prediction_Based_on_Machine_Learning_Methods_with_Technical_and_Quantitative_Indicators_2019,
  author = {Adamantios Ntakaris and Juho Kanniainen and Moncef Gabbouj and Alexandros Iosifidis},
  title = {Mid-price Prediction Based on Machine Learning Methods with Technical and Quantitative Indicators},
  year = {2019},
  doi = {10.1371/journal.pone.0234107},
  url = {http://arxiv.org/abs/1907.09452v1}
}
@article{Validating_Weak_form_Market_Efficiency_in_United_States_Stock_Markets_with_Trend_Deterministic_Price_Data_and_Machine_Learning_2019,
  author = {Samuel Showalter and Jeffrey Gropp},
  title = {Validating Weak-form Market Efficiency in United States Stock Markets with Trend Deterministic Price Data and Machine Learning},
  year = {2019},
  doi = {None},
  url = {http://arxiv.org/pdf/1909.05151v1}
}
@article{Using_Reinforcement_Learning_in_the_Algorithmic_Trading_Problem_2020,
  author = {Evgeny Ponomarev and Ivan Oseledets and Andrzej Cichocki},
  title = {Using Reinforcement Learning in the Algorithmic Trading Problem},
  year = {2020},
  doi = {10.1134/S1064226919120131},
  url = {http://arxiv.org/abs/2002.11523v1}
}
@article{Deep_Semi_Supervised_Anomaly_Detection_for_Finding_Fraud_in_the_Futures_Market_2023,
  author = {Timothy DeLise},
  title = {Deep Semi-Supervised Anomaly Detection for Finding Fraud in the Futures Market},
  year = {2023},
  doi = {None},
  url = {http://arxiv.org/pdf/2309.00088v1}
}
@article{Deep_Adaptive_Input_Normalization_for_Time_Series_Forecasting_2019,
  author = {Nikolaos Passalis and Anastasios Tefas and Juho Kanniainen and Moncef Gabbouj and Alexandros Iosifidis},
  title = {Deep Adaptive Input Normalization for Time Series Forecasting},
  year = {2019},
  doi = {None},
  url = {http://arxiv.org/pdf/1902.07892v2}
}
@article{Market_making_and_incentives_design_in_the_presence_of_a_dark_pool_a_deep_reinforcement_learning_approach_2019,
  author = {Bastien Baldacci and Iuliia Manziuk and Thibaut Mastrolia and Mathieu Rosenbaum},
  title = {Market making and incentives design in the presence of a dark pool: a deep reinforcement learning approach},
  year = {2019},
  doi = {None},
  url = {http://arxiv.org/pdf/1912.01129v1}
}
@article{Improved_Method_of_Stock_Trading_under_Reinforcement_Learning_Based_on_DRQN_and_Sentiment_Indicators_ARBR_2021,
  author = {Peng Zhou and Jingling Tang},
  title = {Improved Method of Stock Trading under Reinforcement Learning Based on DRQN and Sentiment Indicators ARBR},
  year = {2021},
  doi = {None},
  url = {http://arxiv.org/pdf/2111.15356v1}
}
@article{Double_Deep_Q_Learning_for_Optimal_Execution_2018,
  author = {Brian Ning and Franco Ho Ting Lin and Sebastian Jaimungal},
  title = {Double Deep Q-Learning for Optimal Execution},
  year = {2018},
  doi = {None},
  url = {http://arxiv.org/pdf/1812.06600v2}
}
@article{Low_Rank_Temporal_Attention_Augmented_Bilinear_Network_for_financial_time_series_forecasting_2021,
  author = {Mostafa Shabani and Alexandros Iosifidis},
  title = {Low-Rank Temporal Attention-Augmented Bilinear Network for financial time-series forecasting},
  year = {2021},
  doi = {10.1109/SSCI47803.2020.9308440},
  url = {http://arxiv.org/abs/2107.06995v1}
}
@article{Bilinear_Input_Normalization_for_Neural_Networks_in_Financial_Forecasting_2021,
  author = {Dat Thanh Tran and Juho Kanniainen and Moncef Gabbouj and Alexandros Iosifidis},
  title = {Bilinear Input Normalization for Neural Networks in Financial Forecasting},
  year = {2021},
  doi = {None},
  url = {http://arxiv.org/pdf/2109.00983v1}
}
@article{Cooperative_Multi_Agent_Reinforcement_Learning_Framework_for_Scalping_Trading_2019,
  author = {Uk Jo and Taehyun Jo and Wanjun Kim and Iljoo Yoon and Dongseok Lee and Seungho Lee},
  title = {Cooperative Multi-Agent Reinforcement Learning Framework for Scalping Trading},
  year = {2019},
  doi = {None},
  url = {http://arxiv.org/pdf/1904.00441v1}
}
@article{Deep_reinforcement_learning_for_market_making_in_corporate_bonds_beating_the_curse_of_dimensionality_2019,
  author = {Olivier Guéant and Iuliia Manziuk},
  title = {Deep reinforcement learning for market making in corporate bonds: beating the curse of dimensionality},
  year = {2019},
  doi = {None},
  url = {http://arxiv.org/pdf/1910.13205v1}
}
@article{Hierarchical_Semi_parametric_Duration_Models_2014,
  author = {Mingyu Tang and Mark Schervish},
  title = {Hierarchical Semi-parametric Duration Models},
  year = {2014},
  doi = {None},
  url = {http://arxiv.org/pdf/1403.0998v1}
}
@article{Multilinear_Class_Specific_Discriminant_Analysis_2017,
  author = {Dat Thanh Tran and Moncef Gabbouj and Alexandros Iosifidis},
  title = {Multilinear Class-Specific Discriminant Analysis},
  year = {2017},
  doi = {10.1016/j.patrec.2017.10.027},
  url = {http://arxiv.org/abs/1710.10695v1}
}
@article{Calibrating_Over_Parametrized_Simulation_Models_A_Framework_via_Eligibility_Set_2021,
  author = {Yuanlu Bai and Tucker Balch and Haoxian Chen and Danial Dervovic and Henry Lam and Svitlana Vyetrenko},
  title = {Calibrating Over-Parametrized Simulation Models: A Framework via Eligibility Set},
  year = {2021},
  doi = {None},
  url = {http://arxiv.org/pdf/2105.12893v1}
}
@article{Multi_head_Temporal_Attention_Augmented_Bilinear_Network_for_Financial_time_series_prediction_2022,
  author = {Mostafa Shabani and Dat Thanh Tran and Martin Magris and Juho Kanniainen and Alexandros Iosifidis},
  title = {Multi-head Temporal Attention-Augmented Bilinear Network for Financial time series prediction},
  year = {2022},
  doi = {None},
  url = {http://arxiv.org/pdf/2201.05459v1}
}
@article{Transformers_versus_LSTMs_for_electronic_trading_2023,
  author = {Paul Bilokon and Yitao Qiu},
  title = {Transformers versus LSTMs for electronic trading},
  year = {2023},
  doi = {None},
  url = {http://arxiv.org/pdf/2309.11400v1}
}
@article{Design_of_High_Frequency_Trading_Algorithm_Based_on_Machine_Learning_2019,
  author = {Boyue Fang and Yutong Feng},
  title = {Design of High-Frequency Trading Algorithm Based on Machine Learning},
  year = {2019},
  doi = {None},
  url = {http://arxiv.org/pdf/1912.10343v1}
}
@article{Using_Echo_State_Networks_to_Approximate_Value_Functions_for_Control_2021,
  author = {Allen G. Hart and Kevin R. Olding and A. M. G. Cox and Olga Isupova and J. H. P. Dawes},
  title = {Using Echo State Networks to Approximate Value Functions for Control},
  year = {2021},
  doi = {None},
  url = {http://arxiv.org/pdf/2102.06258v2}
}
@article{DeepScalper_A_Risk_Aware_Reinforcement_Learning_Framework_to_Capture_Fleeting_Intraday_Trading_Opportunities_2021,
  author = {Shuo Sun and Wanqi Xue and Rundong Wang and Xu He and Junlei Zhu and Jian Li and Bo An},
  title = {DeepScalper: A Risk-Aware Reinforcement Learning Framework to Capture Fleeting Intraday Trading Opportunities},
  year = {2021},
  doi = {None},
  url = {http://arxiv.org/pdf/2201.09058v3}
}
@article{Universal_Trading_for_Order_Execution_with_Oracle_Policy_Distillation_2021,
  author = {Yuchen Fang and Kan Ren and Weiqing Liu and Dong Zhou and Weinan Zhang and Jiang Bian and Yong Yu and Tie-Yan Liu},
  title = {Universal Trading for Order Execution with Oracle Policy Distillation},
  year = {2021},
  doi = {None},
  url = {http://arxiv.org/pdf/2103.10860v1}
}
@article{Recent_Advances_in_Reinforcement_Learning_in_Finance_2021,
  author = {Ben Hambly and Renyuan Xu and Huining Yang},
  title = {Recent Advances in Reinforcement Learning in Finance},
  year = {2021},
  doi = {10.13140/RG.2.2.30278.40002},
  url = {http://arxiv.org/abs/2112.04553v4}
}
@article{Deep_Q_Learning_Market_Makers_in_a_Multi_Agent_Simulated_Stock_Market_2021,
  author = {Oscar Fernández Vicente and Fernando Fernández Rebollo and Francisco Javier García Polo},
  title = {Deep Q-Learning Market Makers in a Multi-Agent Simulated Stock Market},
  year = {2021},
  doi = {10.1145/3490354.3494448},
  url = {http://arxiv.org/abs/2112.04494v1}
}
@article{Temporal_Logistic_Neural_Bag_of_Features_for_Financial_Time_series_Forecasting_leveraging_Limit_Order_Book_Data_2019,
  author = {Nikolaos Passalis and Anastasios Tefas and Juho Kanniainen and Moncef Gabbouj and Alexandros Iosifidis},
  title = {Temporal Logistic Neural Bag-of-Features for Financial Time series Forecasting leveraging Limit Order Book Data},
  year = {2019},
  doi = {None},
  url = {http://arxiv.org/pdf/1901.08280v1}
}
@article{Continuous_time_stochastic_gradient_descent_for_optimizing_over_the_stationary_distribution_of_stochastic_differential_equations_2022,
  author = {Ziheng Wang and Justin Sirignano},
  title = {Continuous-time stochastic gradient descent for optimizing over the stationary distribution of stochastic differential equations},
  year = {2022},
  doi = {None},
  url = {http://arxiv.org/pdf/2202.06637v2}
}
@article{Augmented_Bilinear_Network_for_Incremental_Multi_Stock_Time_Series_Classification_2022,
  author = {Mostafa Shabani and Dat Thanh Tran and Juho Kanniainen and Alexandros Iosifidis},
  title = {Augmented Bilinear Network for Incremental Multi-Stock Time-Series Classification},
  year = {2022},
  doi = {None},
  url = {http://arxiv.org/pdf/2207.11577v1}
}
@article{Closed_form_approximations_in_multi_asset_market_making_2018,
  author = {Philippe Bergault and David Evangelista and Olivier Guéant and Douglas Vieira},
  title = {Closed-form approximations in multi-asset market making},
  year = {2018},
  doi = {None},
  url = {http://arxiv.org/pdf/1810.04383v5}
}
@article{Can_maker_taker_fees_prevent_algorithmic_cooperation_in_market_making__2022,
  author = {Bingyan Han},
  title = {Can maker-taker fees prevent algorithmic cooperation in market making?},
  year = {2022},
  doi = {10.1145/3533271.3561685},
  url = {http://arxiv.org/abs/2211.00496v1}
}
@article{Investment_sizing_with_deep_learning_prediction_uncertainties_for_high_frequency_Eurodollar_futures_trading_2020,
  author = {Trent Spears and Stefan Zohren and Stephen Roberts},
  title = {Investment sizing with deep learning prediction uncertainties for high-frequency Eurodollar futures trading},
  year = {2020},
  doi = {None},
  url = {http://arxiv.org/pdf/2007.15982v1}
}
@article{Non_adversarial_training_of_Neural_SDEs_with_signature_kernel_scores_2023,
  author = {Zacharia Issa and Blanka Horvath and Maud Lemercier and Cristopher Salvi},
  title = {Non-adversarial training of Neural SDEs with signature kernel scores},
  year = {2023},
  doi = {None},
  url = {http://arxiv.org/pdf/2305.16274v1}
}
@article{_K_Nearest_Neighbor_Resampling_for_Off_Policy_Evaluation_in_Stochastic_Control_2023,
  author = {Michael Giegrich and Roel Oomen and Christoph Reisinger},
  title = {$K$-Nearest-Neighbor Resampling for Off-Policy Evaluation in Stochastic Control},
  year = {2023},
  doi = {None},
  url = {http://arxiv.org/pdf/2306.04836v1}
}
@article{Model_Based_Reinforcement_Learning_with_Non_Gaussian_Environment_Dynamics_and_its_Application_to_Portfolio_Optimization_2023,
  author = {Huifang Huang and Ting Gao and Pengbo Li and Jin Guo and Peng Zhang and Nan Du},
  title = {Model Based Reinforcement Learning with Non-Gaussian Environment Dynamics and its Application to Portfolio Optimization},
  year = {2023},
  doi = {None},
  url = {http://arxiv.org/pdf/2301.09297v3}
}
@article{A_Deep_Reinforcement_Learning_Framework_for_Continuous_Intraday_Market_Bidding_2020,
  author = {Ioannis Boukas and Damien Ernst and Thibaut Théate and Adrien Bolland and Alexandre Huynen and Martin Buchwald and Christelle Wynants and Bertrand Cornélusse},
  title = {A Deep Reinforcement Learning Framework for Continuous Intraday Market Bidding},
  year = {2020},
  doi = {None},
  url = {http://arxiv.org/pdf/2004.05940v1}
}
@article{Optimum_Output_Long_Short_Term_Memory_Cell_for_High_Frequency_Trading_Forecasting_2023,
  author = {Adamantios Ntakaris and Moncef Gabbouj and Juho Kanniainen},
  title = {Optimum Output Long Short-Term Memory Cell for High-Frequency Trading Forecasting},
  year = {2023},
  doi = {None},
  url = {http://arxiv.org/pdf/2304.09840v3}
}
@article{ATMS_Algorithmic_Trading_Guided_Market_Simulation_2023,
  author = {Song Wei and Andrea Coletta and Svitlana Vyetrenko and Tucker Balch},
  title = {ATMS: Algorithmic Trading-Guided Market Simulation},
  year = {2023},
  doi = {None},
  url = {http://arxiv.org/pdf/2309.01784v1}
}
@article{Solvability_of_Differential_Riccati_Equations_and_Applications_to_Algorithmic_Trading_with_Signals_2022,
  author = {Fayçal Drissi},
  title = {Solvability of Differential Riccati Equations and Applications to Algorithmic Trading with Signals},
  year = {2022},
  doi = {10.1080/1350486X.2023.2241130},
  url = {http://arxiv.org/abs/2202.07478v3}
}
@article{Commodities_Trading_through_Deep_Policy_Gradient_Methods_2023,
  author = {Jonas Hanetho},
  title = {Commodities Trading through Deep Policy Gradient Methods},
  year = {2023},
  doi = {None},
  url = {http://arxiv.org/pdf/2309.00630v1}
}
@article{High_frequency_financial_market_simulation_and_flash_crash_scenarios_analysis_an_agent_based_modelling_approach_2022,
  author = {Kang Gao and Perukrishnen Vytelingum and Stephen Weston and Wayne Luk and Ce Guo},
  title = {High-frequency financial market simulation and flash crash scenarios analysis: an agent-based modelling approach},
  year = {2022},
  doi = {None},
  url = {http://arxiv.org/pdf/2208.13654v1}
}
@article{FinGPT_Democratizing_Internet_scale_Data_for_Financial_Large_Language_Models_2023,
  author = {Xiao-Yang Liu and Guoxuan Wang and Daochen Zha},
  title = {FinGPT: Democratizing Internet-scale Data for Financial Large Language Models},
  year = {2023},
  doi = {None},
  url = {http://arxiv.org/pdf/2307.10485v1}
}
@article{Agent_Based_Simulations_of_Blockchain_protocols_illustrated_via_Kadena_s_Chainweb_2019,
  author = {Tarun Chitra and Monica Quaintance and Stuart Haber and Will Martino},
  title = {Agent-Based Simulations of Blockchain protocols illustrated via Kadena's Chainweb},
  year = {2019},
  doi = {10.1109/EuroSPW.2019.00049},
  url = {http://arxiv.org/abs/1904.12924v1}
}
@article{Machine_Learning_on_EPEX_Order_Books_Insights_and_Forecasts_2019,
  author = {Simon Schnürch and Andreas Wagner},
  title = {Machine Learning on EPEX Order Books: Insights and Forecasts},
  year = {2019},
  doi = {10.1080/1350486X.2020.1805337},
  url = {http://arxiv.org/abs/1906.06248v3}
}
@article{Exponential_Kernels_with_Latency_in_Hawkes_Processes_Applications_in_Finance_2021,
  author = {Marcos Costa Santos Carreira},
  title = {Exponential Kernels with Latency in Hawkes Processes: Applications in Finance},
  year = {2021},
  doi = {None},
  url = {http://arxiv.org/pdf/2101.06348v1}
}
@article{Forecasting_high_frequency_financial_time_series_an_adaptive_learning_approach_with_the_order_book_data_2021,
  author = {Parley Ruogu Yang},
  title = {Forecasting high-frequency financial time series: an adaptive learning approach with the order book data},
  year = {2021},
  doi = {None},
  url = {http://arxiv.org/pdf/2103.00264v1}
}
@article{The_Short_Term_Predictability_of_Returns_in_Order_Book_Markets_a_Deep_Learning_Perspective_2022,
  author = {Lorenzo Lucchese and Mikko Pakkanen and Almut Veraart},
  title = {The Short-Term Predictability of Returns in Order Book Markets: a Deep Learning Perspective},
  year = {2022},
  doi = {None},
  url = {http://arxiv.org/pdf/2211.13777v2}
}
@article{Taking_Over_the_Stock_Market_Adversarial_Perturbations_Against_Algorithmic_Traders_2020,
  author = {Elior Nehemya and Yael Mathov and Asaf Shabtai and Yuval Elovici},
  title = {Taking Over the Stock Market: Adversarial Perturbations Against Algorithmic Traders},
  year = {2020},
  doi = {None},
  url = {http://arxiv.org/pdf/2010.09246v2}
}
@article{Deep_Learning_for_Spatio_Temporal_Modeling_Dynamic_Traffic_Flows_and_High_Frequency_Trading_2017,
  author = {Matthew F. Dixon and Nicholas G. Polson and Vadim O. Sokolov},
  title = {Deep Learning for Spatio-Temporal Modeling: Dynamic Traffic Flows and High Frequency Trading},
  year = {2017},
  doi = {None},
  url = {http://arxiv.org/pdf/1705.09851v2}
}
@article{Cooperation_between_Independent_Market_Makers_2022,
  author = {Bingyan Han},
  title = {Cooperation between Independent Market Makers},
  year = {2022},
  doi = {None},
  url = {http://arxiv.org/pdf/2206.05410v1}
}
@article{Adversarial_Attacks_on_Machine_Learning_Systems_for_High_Frequency_Trading_2020,
  author = {Micah Goldblum and Avi Schwarzschild and Ankit B. Patel and Tom Goldstein},
  title = {Adversarial Attacks on Machine Learning Systems for High-Frequency Trading},
  year = {2020},
  doi = {10.1145/3490354.3494367},
  url = {http://arxiv.org/abs/2002.09565v4}
}
@article{Estimation_of_an_Order_Book_Dependent_Hawkes_Process_for_Large_Datasets_2023,
  author = {Luca Mucciante and Alessio Sancetta},
  title = {Estimation of an Order Book Dependent Hawkes Process for Large Datasets},
  year = {2023},
  doi = {None},
  url = {http://arxiv.org/pdf/2307.09077v1}
}
@article{QLAMMP_A_Q_Learning_Agent_for_Optimizing_Fees_on_Automated_Market_Making_Protocols_2022,
  author = {Dev Churiwala and Bhaskar Krishnamachari},
  title = {QLAMMP: A Q-Learning Agent for Optimizing Fees on Automated Market Making Protocols},
  year = {2022},
  doi = {None},
  url = {http://arxiv.org/pdf/2211.14977v1}
}
@article{Stock_Trading_Volume_Prediction_with_Dual_Process_Meta_Learning_2022,
  author = {Ruibo Chen and Wei Li and Zhiyuan Zhang and Ruihan Bao and Keiko Harimoto and Xu Sun},
  title = {Stock Trading Volume Prediction with Dual-Process Meta-Learning},
  year = {2022},
  doi = {None},
  url = {http://arxiv.org/pdf/2211.01762v1}
}
@article{A_Multi_Stage_Algorithm_for_Acoustic_Physical_Model_Parameters_Estimation_2018,
  author = {Leonardo Gabrielli and Stefano Tomassetti and Stefano Squartini and Carlo Zinato and Stefano Guaiana},
  title = {A Multi-Stage Algorithm for Acoustic Physical Model Parameters Estimation},
  year = {2018},
  doi = {None},
  url = {http://arxiv.org/pdf/1809.05483v2}
}
@article{Using_Machine_Learning_and_Alternative_Data_to_Predict_Movements_in_Market_Risk_2020,
  author = {Thomas Dierckx and Jesse Davis and Wim Schoutens},
  title = {Using Machine Learning and Alternative Data to Predict Movements in Market Risk},
  year = {2020},
  doi = {None},
  url = {http://arxiv.org/pdf/2009.07947v1}
}
@article{Optimal_Sampling_Density_for_Nonparametric_Regression_2021,
  author = {Danny Panknin and Klaus Robert Müller and Shinichi Nakajima},
  title = {Optimal Sampling Density for Nonparametric Regression},
  year = {2021},
  doi = {None},
  url = {http://arxiv.org/pdf/2105.11990v2}
}
@article{The_Adaptive_Multi_Factor_Model_and_the_Financial_Market_2021,
  author = {Liao Zhu},
  title = {The Adaptive Multi-Factor Model and the Financial Market},
  year = {2021},
  doi = {None},
  url = {http://arxiv.org/pdf/2107.14410v2}
}
@article{Financial_Trading_Model_with_Stock_Bar_Chart_Image_Time_Series_with_Deep_Convolutional_Neural_Networks_2019,
  author = {Omer Berat Sezer and Ahmet Murat Ozbayoglu},
  title = {Financial Trading Model with Stock Bar Chart Image Time Series with Deep Convolutional Neural Networks},
  year = {2019},
  doi = {None},
  url = {http://arxiv.org/pdf/1903.04610v1}
}
@article{Multi_Graph_Tensor_Networks_2020,
  author = {Yao Lei Xu and Kriton Konstantinidis and Danilo P. Mandic},
  title = {Multi-Graph Tensor Networks},
  year = {2020},
  doi = {None},
  url = {http://arxiv.org/pdf/2010.13209v4}
}
@article{Adaptive_Predictive_Portfolio_Management_Agent_2023,
  author = {Anton Kolonin and Alexey Glushchenko and Arseniy Fokin and Marcello Mari and Mario Casiraghi and Mukul Vishwas},
  title = {Adaptive Predictive Portfolio Management Agent},
  year = {2023},
  doi = {None},
  url = {http://arxiv.org/pdf/2303.02342v1}
}
@article{Protecting_Retail_Investors_from_Order_Book_Spoofing_using_a_GRU_based_Detection_Model_2021,
  author = {Jean-Noël Tuccella and Philip Nadler and Ovidiu Şerban},
  title = {Protecting Retail Investors from Order Book Spoofing using a GRU-based Detection Model},
  year = {2021},
  doi = {None},
  url = {http://arxiv.org/pdf/2110.03687v1}
}
@article{Uniswap_Liquidity_Provision_An_Online_Learning_Approach_2023,
  author = {Yogev Bar-On and Yishay Mansour},
  title = {Uniswap Liquidity Provision: An Online Learning Approach},
  year = {2023},
  doi = {None},
  url = {http://arxiv.org/pdf/2302.00610v2}
}
@article{Exploration_of_Algorithmic_Trading_Strategies_for_the_Bitcoin_Market_2021,
  author = {Nathan Crone and Eoin Brophy and Tomas Ward},
  title = {Exploration of Algorithmic Trading Strategies for the Bitcoin Market},
  year = {2021},
  doi = {None},
  url = {http://arxiv.org/pdf/2110.14936v1}
}
@article{Neural_Network_and_Order_Flow_Technical_Analysis_Predicting_short_term_direction_of_futures_contract_2022,
  author = {Yiyang Zheng},
  title = {Neural Network and Order Flow, Technical Analysis: Predicting short-term direction of futures contract},
  year = {2022},
  doi = {10.36227/techrxiv.19154276.v1},
  url = {http://arxiv.org/abs/2203.12457v1}
}
@article{MTMD_Multi_Scale_Temporal_Memory_Learning_and_Efficient_Debiasing_Framework_for_Stock_Trend_Forecasting_2022,
  author = {Mingjie Wang and Mingze Zhang and Jianxiong Guo and Weijia Jia},
  title = {MTMD: Multi-Scale Temporal Memory Learning and Efficient Debiasing Framework for Stock Trend Forecasting},
  year = {2022},
  doi = {None},
  url = {http://arxiv.org/pdf/2212.08656v1}
}
@article{Evasion_and_Hardening_of_Tree_Ensemble_Classifiers_2015,
  author = {Alex Kantchelian and J. D. Tygar and Anthony D. Joseph},
  title = {Evasion and Hardening of Tree Ensemble Classifiers},
  year = {2015},
  doi = {None},
  url = {http://arxiv.org/pdf/1509.07892v2}
}
@article{Machine_Learning_Driven_Virtual_Bidding_with_Electricity_Market_Efficiency_Analysis_2021,
  author = {Yinglun Li and Nanpeng Yu and Wei Wang},
  title = {Machine Learning-Driven Virtual Bidding with Electricity Market Efficiency Analysis},
  year = {2021},
  doi = {None},
  url = {http://arxiv.org/pdf/2104.02754v1}
}
@article{NoxTrader_LSTM_Based_Stock_Return_Momentum_Prediction_2023,
  author = {Hsiang-Hui Liu and Han-Jay Shu and Wei-Ning Chiu},
  title = {NoxTrader: LSTM-Based Stock Return Momentum Prediction},
  year = {2023},
  doi = {None},
  url = {http://arxiv.org/pdf/2310.00747v1}
}
@article{URM4DMU_an_user_represention_model_for_darknet_markets_users_2023,
  author = {Hongmeng Liu and Jiapeng Zhao and Yixuan Huo and Yuyan Wang and Chun Liao and Liyan Shen and Shiyao Cui and Jinqiao Shi},
  title = {URM4DMU: an user represention model for darknet markets users},
  year = {2023},
  doi = {None},
  url = {http://arxiv.org/pdf/2303.10674v1}
}
@article{Sequential_Detection_of_Market_shocks_using_Risk_averse_Agent_Based_Models_2015,
  author = {Vikram Krishnamurthy and Sujay Bhatt},
  title = {Sequential Detection of Market shocks using Risk-averse Agent Based Models},
  year = {2015},
  doi = {None},
  url = {http://arxiv.org/pdf/1511.01965v1}
}
@article{Temporal_mixture_ensemble_models_for_intraday_volume_forecasting_in_cryptocurrency_exchange_markets_2020,
  author = {Nino Antulov-Fantulin and Tian Guo and Fabrizio Lillo},
  title = {Temporal mixture ensemble models for intraday volume forecasting in cryptocurrency exchange markets},
  year = {2020},
  doi = {None},
  url = {http://arxiv.org/pdf/2005.09356v2}
}
@article{Shallow_Neural_Hawkes_Non_parametric_kernel_estimation_for_Hawkes_processes_2020,
  author = {Sobin Joseph and Lekhapriya Dheeraj Kashyap and Shashi Jain},
  title = {Shallow Neural Hawkes: Non-parametric kernel estimation for Hawkes processes},
  year = {2020},
  doi = {None},
  url = {http://arxiv.org/pdf/2006.02460v1}
}
@article{Generating_Realistic_Stock_Market_Order_Streams_2020,
  author = {Junyi Li and Xitong Wang and Yaoyang Lin and Arunesh Sinha and Micheal P. Wellman},
  title = {Generating Realistic Stock Market Order Streams},
  year = {2020},
  doi = {None},
  url = {http://arxiv.org/pdf/2006.04212v1}
}
@article{A_new_approach_to_learning_in_Dynamic_Bayesian_Networks_DBNs__2018,
  author = {E. Benhamou and J. Atif and R. Laraki},
  title = {A new approach to learning in Dynamic Bayesian Networks (DBNs)},
  year = {2018},
  doi = {None},
  url = {http://arxiv.org/pdf/1812.09027v2}
}
@article{Arrhythmia_Classifier_Based_on_Ultra_Lightweight_Binary_Neural_Network_2023,
  author = {Ninghao Pu and Zhongxing Wu and Ao Wang and Hanshi Sun and Zijin Liu and Hao Liu},
  title = {Arrhythmia Classifier Based on Ultra-Lightweight Binary Neural Network},
  year = {2023},
  doi = {10.1109/ECAI58194.2023.10193930},
  url = {http://arxiv.org/abs/2304.01568v2}
}
@article{Universal_features_of_price_formation_in_financial_markets_perspectives_from_Deep_Learning_2018,
  author = {Justin Sirignano and Rama Cont},
  title = {Universal features of price formation in financial markets: perspectives from Deep Learning},
  year = {2018},
  doi = {None},
  url = {http://arxiv.org/pdf/1803.06917v1}
}
@article{Microstructure_Empowered_Stock_Factor_Extraction_and_Utilization_2023,
  author = {Xianfeng Jiao and Zizhong Li and Chang Xu and Yang Liu and Weiqing Liu and Jiang Bian},
  title = {Microstructure-Empowered Stock Factor Extraction and Utilization},
  year = {2023},
  doi = {None},
  url = {http://arxiv.org/pdf/2308.08135v1}
}
@article{Constraint_Based_Inference_of_Heuristics_for_Foreign_Exchange_Trade_Model_Optimization_2021,
  author = {Nikolay Ivanov and Qiben Yan},
  title = {Constraint-Based Inference of Heuristics for Foreign Exchange Trade Model Optimization},
  year = {2021},
  doi = {None},
  url = {http://arxiv.org/pdf/2105.14194v1}
}
@article{Neurostream_Scalable_and_Energy_Efficient_Deep_Learning_with_Smart_Memory_Cubes_2017,
  author = {Erfan Azarkhish and Davide Rossi and Igor Loi and Luca Benini},
  title = {Neurostream: Scalable and Energy Efficient Deep Learning with Smart Memory Cubes},
  year = {2017},
  doi = {10.1109/TPDS.2017.2752706},
  url = {http://arxiv.org/abs/1701.06420v3}
}
@article{Temporal_and_Heterogeneous_Graph_Neural_Network_for_Financial_Time_Series_Prediction_2023,
  author = {Sheng Xiang and Dawei Cheng and Chencheng Shang and Ying Zhang and Yuqi Liang},
  title = {Temporal and Heterogeneous Graph Neural Network for Financial Time Series Prediction},
  year = {2023},
  doi = {10.1145/3511808.3557089},
  url = {http://arxiv.org/abs/2305.08740v1}
}
@article{Your_Battery_Is_a_Blast_Safeguarding_Against_Counterfeit_Batteries_with_Authentication_2023,
  author = {Francesco Marchiori and Mauro Conti},
  title = {Your Battery Is a Blast! Safeguarding Against Counterfeit Batteries with Authentication},
  year = {2023},
  doi = {None},
  url = {http://arxiv.org/pdf/2309.03607v1}
}
@article{Bandit_Market_Makers_2011,
  author = {Nicolas Della Penna and Mark D. Reid},
  title = {Bandit Market Makers},
  year = {2011},
  doi = {None},
  url = {http://arxiv.org/pdf/1112.0076v4}
}
@article{A_High_Frequency_Trade_Execution_Model_for_Supervised_Learning_2017,
  author = {Matthew F Dixon},
  title = {A High Frequency Trade Execution Model for Supervised Learning},
  year = {2017},
  doi = {None},
  url = {http://arxiv.org/pdf/1710.03870v3}
}
@article{A_Study_of_EV_BMS_Cyber_Security_Based_on_Neural_Network_SOC_Prediction_2018,
  author = {Syed Rahman and Haneen Aburub and Yemeserach Mekonnen and Arif I. Sarwat},
  title = {A Study of EV BMS Cyber Security Based on Neural Network SOC Prediction},
  year = {2018},
  doi = {None},
  url = {http://arxiv.org/pdf/1806.02714v1}
}
@article{Real_time_event_simulation_with_frame_based_cameras_2022,
  author = {Andreas Ziegler and Daniel Teigland and Jonas Tebbe and Thomas Gossard and Andreas Zell},
  title = {Real-time event simulation with frame-based cameras},
  year = {2022},
  doi = {None},
  url = {http://arxiv.org/pdf/2209.04634v2}
}
@article{Spatiotemporal_Transformer_for_Stock_Movement_Prediction_2023,
  author = {Daniel Boyle and Jugal Kalita},
  title = {Spatiotemporal Transformer for Stock Movement Prediction},
  year = {2023},
  doi = {None},
  url = {http://arxiv.org/pdf/2305.03835v1}
}
@article{Decentralized_Multi_Agent_Linear_Bandits_with_Safety_Constraints_2020,
  author = {Sanae Amani and Christos Thrampoulidis},
  title = {Decentralized Multi-Agent Linear Bandits with Safety Constraints},
  year = {2020},
  doi = {None},
  url = {http://arxiv.org/pdf/2012.00314v1}
}
@article{Economics_Inspired_Neural_Networks_with_Stabilizing_Homotopies_2023,
  author = {Marlon Azinovic and Jan Žemlička},
  title = {Economics-Inspired Neural Networks with Stabilizing Homotopies},
  year = {2023},
  doi = {None},
  url = {http://arxiv.org/pdf/2303.14802v1}
}
@article{Evolving_Chart_Pattern_Sensitive_Neural_Network_Based_Forex_Trading_Agents_2011,
  author = {Gene I. Sher},
  title = {Evolving Chart Pattern Sensitive Neural Network Based Forex Trading Agents},
  year = {2011},
  doi = {None},
  url = {http://arxiv.org/pdf/1111.5892v2}
}
@article{Dynamic_Mode_Decomposition_for_Financial_Trading_Strategies_2015,
  author = {Jordan Mann and J. Nathan Kutz},
  title = {Dynamic Mode Decomposition for Financial Trading Strategies},
  year = {2015},
  doi = {None},
  url = {http://arxiv.org/pdf/1508.04487v1}
}
@article{No_Regret_Replanning_under_Uncertainty_2016,
  author = {Wen Sun and Niteesh Sood and Debadeepta Dey and Gireeja Ranade and Siddharth Prakash and Ashish Kapoor},
  title = {No-Regret Replanning under Uncertainty},
  year = {2016},
  doi = {None},
  url = {http://arxiv.org/pdf/1609.05162v1}
}
@article{Classification_based_Financial_Markets_Prediction_using_Deep_Neural_Networks_2016,
  author = {Matthew Dixon and Diego Klabjan and Jin Hoon Bang},
  title = {Classification-based Financial Markets Prediction using Deep Neural Networks},
  year = {2016},
  doi = {None},
  url = {http://arxiv.org/pdf/1603.08604v2}
}
@article{Active_Image_Indexing_2022,
  author = {Pierre Fernandez and Matthijs Douze and Hervé Jégou and Teddy Furon},
  title = {Active Image Indexing},
  year = {2022},
  doi = {None},
  url = {http://arxiv.org/pdf/2210.10620v1}
}
@article{FinGPT_Open_Source_Financial_Large_Language_Models_2023,
  author = {Hongyang Yang and Xiao-Yang Liu and Christina Dan Wang},
  title = {FinGPT: Open-Source Financial Large Language Models},
  year = {2023},
  doi = {None},
  url = {http://arxiv.org/pdf/2306.06031v1}
}
@article{Gender_Differences_in_Participation_and_Reward_on_Stack_Overflow_2018,
  author = {Anna May and Johannes Wachs and Aniko Hannak},
  title = {Gender Differences in Participation and Reward on Stack Overflow},
  year = {2018},
  doi = {10.1007/s10664-019-09685-x},
  url = {http://arxiv.org/abs/1811.11539v1}
}
@article{Price_Interpretability_of_Prediction_Markets_A_Convergence_Analysis_2022,
  author = {Dian Yu and Jianjun Gao and Weiping Wu and Zizhuo Wang},
  title = {Price Interpretability of Prediction Markets: A Convergence Analysis},
  year = {2022},
  doi = {None},
  url = {http://arxiv.org/pdf/2205.08913v1}
}
@article{Online_Recognition_of_Incomplete_Gesture_Data_to_Interface_Collaborative_Robots_2023,
  author = {M. A. Simão and O. Gibaru and P. Neto},
  title = {Online Recognition of Incomplete Gesture Data to Interface Collaborative Robots},
  year = {2023},
  doi = {10.1109/TIE.2019.2891449},
  url = {http://arxiv.org/abs/2304.06777v1}
}
@article{Abnormal_Trading_Detection_in_the_NFT_Market_2023,
  author = {Mingxiao Song and Yunsong Liu and Agam Shah and Sudheer Chava},
  title = {Abnormal Trading Detection in the NFT Market},
  year = {2023},
  doi = {None},
  url = {http://arxiv.org/pdf/2306.04643v2}
}
@article{Simulation_based_Forecasting_for_Intraday_Power_Markets_Modelling_Fundamental_Drivers_for_Location_Shape_and_Scale_of_the_Price_Distribution_2022,
  author = {Simon Hirsch and Florian Ziel},
  title = {Simulation-based Forecasting for Intraday Power Markets: Modelling Fundamental Drivers for Location, Shape and Scale of the Price Distribution},
  year = {2022},
  doi = {10.5547/01956574.45.3.shir},
  url = {http://arxiv.org/abs/2211.13002v1}
}
@article{Tackling_the_Problem_of_State_Dependent_Execution_Probability_Empirical_Evidence_and_Order_Placement_2023,
  author = {Timothée Fabre and Vincent Ragel},
  title = {Tackling the Problem of State Dependent Execution Probability: Empirical Evidence and Order Placement},
  year = {2023},
  doi = {None},
  url = {http://arxiv.org/pdf/2307.04863v1}
}
@article{Fast_Compact_and_Highly_Scalable_Visual_Place_Recognition_through_Sequence_based_Matching_of_Overloaded_Representations_2020,
  author = {Sourav Garg and Michael Milford},
  title = {Fast, Compact and Highly Scalable Visual Place Recognition through Sequence-based Matching of Overloaded Representations},
  year = {2020},
  doi = {None},
  url = {http://arxiv.org/pdf/2001.08434v2}
}
@article{Sub_Sampled_Newton_Methods_II_Local_Convergence_Rates_2016,
  author = {Farbod Roosta-Khorasani and Michael W. Mahoney},
  title = {Sub-Sampled Newton Methods II: Local Convergence Rates},
  year = {2016},
  doi = {None},
  url = {http://arxiv.org/pdf/1601.04738v3}
}
@article{Realtime_market_microstructure_analysis_online_Transaction_Cost_Analysis_2013,
  author = {Robert Azencott and Arjun Beri and Yutheeka Gadhyan and Nicolas Joseph and Charles-Albert Lehalle and Matthew Rowley},
  title = {Realtime market microstructure analysis: online Transaction Cost Analysis},
  year = {2013},
  doi = {None},
  url = {http://arxiv.org/pdf/1302.6363v2}
}
